@misc{viand2023verifiable,
      title={Verifiable Fully Homomorphic Encryption}, 
      author={Alexander Viand and Christian Knabenhans and Anwar Hithnawi},
      year={2023},
      eprint={2301.07041},
      archivePrefix={arXiv},
      primaryClass={cs.CR}
}

@misc{sangria,
      title        = {Sangria: a Folding Scheme for {PLONK}},
      author       = "Nicolas Mohnblatt",
      howpublished = "\url{https://geometry.xyz/notebook/sangria-a-folding-scheme-for-plonk}",
      year         = 2023,
      note         = "Accessed: 2023-03-30"
}

@techreport{part1,
  title       = "Towards verifiable {FHE}: {Proving} correct execution of the external product using {Plonk}",
  author      = "Michael Walter",
  institution = "Zama",
  year        = 2023,
  month       = "April",
  note = "Available at \url{https://github.com/zama-ai/publications/raw/main/techreps/2023/verif_comp.pdf}"
}

@misc{halo2,
  title = "The halo2 Book",
  author = "Zcash",
  howpublished = "\url{https://zcash.github.io/halo2/index.html}",
}

@misc{cryptoeprint:2023/620,
      author = {Benedikt BÃ¼nz and Binyi Chen},
      title = {ProtoStar: Generic Efficient Accumulation/Folding for Special Sound Protocols},
      howpublished = {Cryptology ePrint Archive, Paper 2023/620},
      year = {2023},
      note = {\url{https://eprint.iacr.org/2023/620}},
      url = {https://eprint.iacr.org/2023/620}
}
