@misc{viand2023verifiable,
      title={Verifiable Fully Homomorphic Encryption}, 
      author={Alexander Viand and Christian Knabenhans and Anwar Hithnawi},
      year={2023},
      eprint={2301.07041},
      archivePrefix={arXiv},
      primaryClass={cs.CR}
}

@misc{sangria,
      title        = {Sangria: a Folding Scheme for {PLONK}},
      author       = "Nicolas Mohnblatt",
      howpublished = "\url{https://geometry.xyz/notebook/sangria-a-folding-scheme-for-plonk}",
      year         = 2023,
      note         = "Accessed: 2023-03-30"
}