@techreport{part1,
  title       = "Towards verifiable {FHE}: {Proving} correct execution of the external product using {Plonk}",
  author      = "Michael Walter",
  institution = "Zama",
  year        = 2023,
  month       = "April",
  note = "Available at \url{https://github.com/zama-ai/publications/raw/main/techreps/2023/verif_comp.pdf}"
}

@techreport{part2,
  title       = "Towards verifiable {TFHE} (Part 2): Proving correct execution of the blind rotation using PLONK",
  author      = "Michael Walter",
  institution = "Zama",
  year        = 2023,
  month       = "June",
  note = "Available at \url{https://github.com/zama-ai/publications/raw/main/techreps/2023/vfhe_eoq_23-q2.pdf}"
}

@misc{cryptoeprint:2023/620,
      author = {Benedikt BÃ¼nz and Binyi Chen},
      title = {ProtoStar: Generic Efficient Accumulation/Folding for Special Sound Protocols},
      howpublished = {Cryptology ePrint Archive, Paper 2023/620},
      year = {2023},
      note = {\url{https://eprint.iacr.org/2023/620}},
      url = {https://eprint.iacr.org/2023/620}
}

@misc{sangria,
      title        = {Sangria: a Folding Scheme for {PLONK}},
      author       = "Nicolas Mohnblatt",
      howpublished = "\url{https://geometry.xyz/notebook/sangria-a-folding-scheme-for-plonk}",
      year         = 2023,
      note         = "Accessed: 2023-03-30"
}

@misc{plonky2,
      title        = {Plonky2},
      author       = "Polygon",
      howpublished = "\url{https://github.com/mir-protocol/plonky2}",
      year         = 2022,
      note         = "Accessed: 2023-09-26"
}

@misc{nova,
      title        = {Nova: Recursive SNARKs without trusted setup},
      author       = "Microsoft",
      howpublished = "\url{https://github.com/microsoft/Nova}",
      year         = 2023,
      note         = "Accessed: 2023-09-26"
}

