@misc{halo2,
  title = "The halo2 Book",
  author = "Zcash",
  howpublished = "\url{https://zcash.github.io/halo2/index.html}",
}

@misc{zkp_mooc,
  title = {Zero Knowledge Proofs},
  author = {Dan Boneh and Shafi Goldwasser and Dawn Song and Justin Thaler and Yupeng Zhang},
  howpublished = {\url{https://zk-learning.org}}
}


@misc{zk_sessions,
  title = {ZK Whiteboard Sessions},
  author = {zkhack.dev},
  howpublished = {\url{https://zkhack.dev/whiteboard/}}
}

@misc{plonky2,
      title        = {Plonky2},
      author       = "Polygon",
      howpublished = "\url{https://github.com/mir-protocol/plonky2}",
      year         = 2022,
      note         = "Accessed: 2023-09-26"
}

@misc{cryptoeprint:2023/474,
      author = {Héctor Masip-Ardevol and Marc Guzmán-Albiol and Jordi Baylina-Melé and Jose Luis Muñoz-Tapia},
      title = {eSTARK: Extending STARKs with Arguments},
      howpublished = {Cryptology ePrint Archive, Paper 2023/474},
      year = {2023},
      note = {\url{https://eprint.iacr.org/2023/474}},
      url = {https://eprint.iacr.org/2023/474}
}


@article{DBLP:journals/ftsec/Thaler22,
  author       = {Justin Thaler},
  title        = {Proofs, Arguments, and Zero-Knowledge},
  journal      = {Found. Trends Priv. Secur.},
  volume       = {4},
  number       = {2-4},
  pages        = {117--660},
  year         = {2022}
}

@article{DBLP:journals/iacr/BlockGKTTZ23,
  author       = {Alexander R. Block and
                  Albert Garreta and
                  Jonathan Katz and
                  Justin Thaler and
                  Pratyush Ranjan Tiwari and
                  Michal Zajac},
  title        = {Fiat-Shamir Security of {FRI} and Related SNARKs},
  journal      = {{IACR} Cryptol. ePrint Arch.},
  pages        = {1071},
  year         = {2023}
}